<?xml version="1.0" encoding="UTF-8"?><collection xmlns="http://www.loc.gov/MARC21/slim"><record><leader>00530nam--2200193-i-4500</leader><controlfield tag="001">000018494</controlfield><controlfield tag="002">20161230</controlfield><controlfield tag="005">20161230201032</controlfield><controlfield tag="008">060222s1000------------r-----000-0-ger-d</controlfield><datafield ind1=" " ind2=" " tag="040"><subfield code="a">IFIN-HH</subfield></datafield><datafield ind1=" " ind2=" " tag="041"><subfield code="a">ger</subfield></datafield><datafield ind1=" " ind2=" " tag="080"><subfield code="a">541.15:539.183.2</subfield></datafield><datafield ind1="1" ind2=" " tag="100"><subfield code="a">Faires, R.A</subfield></datafield><datafield ind1="1" ind2="0" tag="245"><subfield code="a">Arbeitsmethoden in radioisotopen-laboratorium</subfield><subfield code="c">R.a. faires, b.h. parks</subfield></datafield><datafield ind1=" " ind2=" " tag="260"><subfield code="a">Braunschweig</subfield><subfield code="b">Friederich Vieweg &amp; Sohn</subfield><subfield code="c">1961</subfield></datafield><datafield ind1=" " ind2=" " tag="300"><subfield code="a">246 P. + 92 FIG</subfield></datafield><datafield ind1="1" ind2=" " tag="700"><subfield code="a">Parks, B.H</subfield></datafield><datafield ind1=" " ind2=" " tag="852"><subfield code="a">16739</subfield><subfield code="c">539.163</subfield></datafield><datafield ind1=" " ind2=" " tag="CAT"><subfield code="a">Sys</subfield><subfield code="c">20120516</subfield><subfield code="h">153844</subfield></datafield></record></collection>